@online{kernel,
    author = {Alessandro Moschitti},
    title = {Tree Kernels in SVM-light},
    year = {2006},
    url = {https://disi.unitn.it/moschitti/Tree-Kernel.htm},
    urldate = {2024-07-11}
}

@online{docker-parser,
    author = {NLPbox},
    title = {stanford-corenlp-docker},
    year = {2024},
    url = {https://github.com/NLPbox/stanford-corenlp-docker},
    urldate = {2024-07-11}
}

@online{repo,
    author = {Carlo Rosso},
    title = {bachelor-s\_notes},
    year = {2024},
    url = {https://github.com/danesinoo/bachelor-s_notes},
    urldate = {2024-07-11}
}
